@book{SAR_Introduction,
  title     = {合成孔径雷达卫星},
  author    = {魏钟铨等},
  year      = {2001},
  publisher = {科学出版社}
}

@article{SAR_Process,
  title   = {SAR 成像原理与图像特征},
  author  = {刘国祥},
  journal = {四川测绘},
  volume  = {27},
  number  = {3},
  pages   = {141-143},
  year    = {2004}
}

@article{SAR_Pixel,
  title     = {A tutorial on synthetic aperture radar},
  author    = {Moreira, Alberto and Prats-Iraola, Pau and Younis, Marwan and Krieger, Gerhard and Hajnsek, Irena and Papathanassiou, Konstantinos P},
  journal   = {IEEE Geoscience and remote sensing magazine},
  volume    = {1},
  number    = {1},
  pages     = {6--43},
  year      = {2013},
  publisher = {IEEE}
}

@article{PolSAR,
  title   = {PolSARproSim: A coherent, Polarimetric SAR Simulation of forests for PolSARPro. Design document and algorithm specification},
  author  = {Williams, ML},
  journal = {Eur. Space Agency, Paris, France, Tech. Rep},
  year    = {2006}
}
@inproceedings{MOCEM,
  title        = {MOCEM-An'all in one'tool to simulate SAR image},
  author       = {Cochin, Christian and POULIGUEN, Philippe and DELAHAYE, Benoit and le HELLARD, Daniel and GOSSELIN, Philippe and AUBINEAU, Franck},
  booktitle    = {7th European Conference on Synthetic Aperture Radar},
  pages        = {1--4},
  year         = {2008},
  organization = {VDE}
}

@inproceedings{CohRaSS,
  title        = {Sar simulation for urban scene analysis},
  author       = {Hammer, Horst and Schulz, Karsten},
  booktitle    = {EUSAR 2012; 9th European Conference on Synthetic Aperture Radar},
  pages        = {91--94},
  year         = {2012},
  organization = {VDE}
}

@misc{MatlabRadar,
  author = { Mathworks },
  year   = {2021},
  title  = {Radar Toolbox Release Notes},
  note   = {\url{html}, Last accessed on 2024-05-05}
}
 
@article{Simulator,
  title     = {The open-source framework for 3D synthetic aperture radar simulation},
  author    = {Drozdowicz, Jedrzej},
  journal   = {IEEE Access},
  volume    = {9},
  pages     = {39518--39529},
  year      = {2021},
  publisher = {IEEE}
}

@article{Fusion_Way,
  title   = {多源图像融合方法的研究综述.},
  author  = {张丽霞 and 曾广平 and 宣兆成},
  journal = {Computer Engineering \& Science/Jisuanji Gongcheng yu Kexue},
  volume  = {44},
  number  = {2},
  year    = {2022}
}


@article{Radar_Frequency_Width,
  title   = {雷达波段对多极化 SAR 海面溢油检测极化特征参数的影响},
  author  = {宋莎莎 and 赵朝方 and 安伟 and 赵宇鹏},
  journal = {海洋学报},
  volume  = {40},
  number  = {9},
  pages   = {125--136},
  year    = {2018}
}


@article{SAR_Radar_Wavelenngth,
  title   = {IEEE standard for letter designations for radar-frequency bands},
  author  = {Bruder, J and Carlo, J and Gurney, J and Gorman, J},
  journal = {IEEE Aerospace \& Electronic Systems Society},
  pages   = {1--3},
  year    = {2003}
}

@article{Haar,
  title   = {Zur Theorie der orthogonalen Funktionensysteme},
  author  = {Alfred Haar},
  journal = {Mathematische Annalen},
  year    = {1910},
  volume  = {69},
  pages   = {331-371},
  url     = {https://api.semanticscholar.org/CorpusID:120024038}
}

@article{Wavelet_Merge,
  title     = {Wavelet-based fusion of optical and SAR image data over urban area},
  author    = {Garzelli, A and others},
  journal   = {International Archives of Photogrammetry Remote Sensing and Spatial Information Sciences},
  volume    = {34},
  number    = {3/B},
  pages     = {59--62},
  year      = {2002},
  publisher = {Citeseer}
}

@article{NSCT_Merge,
  title     = {The nonsubsampled contourlet transform: theory, design, and applications},
  author    = {Da Cunha, Arthur L and Zhou, Jianping and Do, Minh N},
  journal   = {IEEE transactions on image processing},
  volume    = {15},
  number    = {10},
  pages     = {3089--3101},
  year      = {2006},
  publisher = {IEEE}
}

@misc{NSCT_MATLAB,
  author = { Arthur Cunha },
  year   = {2024},
  title  = {Nonsubsampled Contourlet Toolbox},
  note   = {\url{https://ww2.mathworks.cn/matlabcentral/fileexchange/10049-nonsubsampled-contourlet-toolbox}, 
            Last accessed on 2024-05-03}
}

@article{PCA,
  title   = {PCA in studying coordination and variability: a tutorial},
  journal = {Clinical Biomechanics},
  volume  = {19},
  number  = {4},
  pages   = {415-428},
  year    = {2004},
  issn    = {0268-0033},
  doi     = {https://doi.org/10.1016/j.clinbiomech.2004.01.005},
  url     = {https://www.sciencedirect.com/science/article/pii/S0268003304000166},
  author  = {Andreas Daffertshofer and Claudine J.C. Lamoth and Onno G. Meijer and Peter J. Beek}
}

@inproceedings{PCA_Merge,
  title        = {Pixel level fusion for multiple SAR images using PCA and wavelet transform},
  author       = {Jin, Yue and Ruliang, Yang and Ruohong, Huan},
  booktitle    = {2006 CIE International Conference on Radar},
  pages        = {1--4},
  year         = {2006},
  organization = {IEEE}
}

@article{Nuclear_Norm,
  title   = {Nuclear norm of higher-order tensors},
  author  = {Friedland, Shmuel and Lim, Lek-Heng},
  journal = {Mathematics of Computation},
  volume  = {87},
  number  = {311},
  pages   = {1255--1281},
  year    = {2018}
}


@article{Softmax_Merge,
  title     = {MDLatLRR: A novel decomposition method for infrared and visible image fusion},
  author    = {Li, Hui and Wu, Xiao-Jun and Kittler, Josef},
  journal   = {IEEE Transactions on Image Processing},
  volume    = {29},
  pages     = {4733--4746},
  year      = {2020},
  publisher = {IEEE}
}

@article{Eval,
  title     = {基于深度学习的图像融合方法综述},
  author    = {唐霖峰 and 张浩 and 徐涵 and 马佳义},
  year      = {2023},
  publisher = {中国图象图形学报}
}

@inproceedings{RaySAR,
  title        = {RaySAR-3D SAR simulator: Now open source},
  author       = {Auer, Stefan and Bamler, Richard and Reinartz, Peter},
  booktitle    = {2016 IEEE International Geoscience and Remote Sensing Symposium (IGARSS)},
  pages        = {6730--6733},
  year         = {2016},
  organization = {IEEE}
}

@article{SAR_Observation_Model,
  title     = {A Novel Shadow and Layover Segmentation Network for Multi-Angle SAR Images Fusion},
  author    = {Li, Xuewei and Zhang, Gang and Yin, Canbin and Wu, Yuquan and Shen, Xingchen},
  journal   = {IEEE Access},
  volume    = {10},
  pages     = {117770--117781},
  year      = {2022},
  publisher = {IEEE}
}

@misc{SAR_Simulation,
  author = {MathWorks},
  year   = {2024},
  title  = {Simulated Land Scenes for Synthetic Aperture Radar Image Formation},
  note   = {\url{https://ww2.mathworks.cn/help/radar/ug/simulated-land-scenes-for-synthetic-aperture-radar-image-formation.html}, 
            Last accessed on 2024-05-03}
}

@inproceedings{MSTAR,
  title        = {Standard SAR ATR evaluation experiments using the MSTAR public release data set},
  author       = {Ross, Timothy D and Worrell, Steven W and Velten, Vincent J and Mossing, John C and Bryant, Michael Lee},
  booktitle    = {Algorithms for Synthetic Aperture Radar Imagery V},
  volume       = {3370},
  pages        = {566--573},
  year         = {1998},
  organization = {SPIE}
}

@techreport{ISO_Time,
  address     = {北京, 中国},
  type        = {Standard},
  title       = {数据元和交换格式 信息交换 日期和时间表示法},
  shorttitle  = {{GB}/{T} {7408-2005}},
  url         = {https://std.samr.gov.cn/gb/search/gbDetailed?id=71F772D77FD1D3A7E05397BE0A0AB82A},
  language    = {zh_cn},
  number      = {GB/T 7408},
  institution = {国家标准化管理委员会},
  author      = {{中国标准化研究院}},
  year        = {2005}
}

@misc{NSCT_MATLAB,
  author = { Arthur Cunha },
  year   = {2024},
  title  = {Nonsubsampled Contourlet Toolbox},
  note   = {\url{https://ww2.mathworks.cn/matlabcentral/fileexchange/10049-nonsubsampled-contourlet-toolbox}, 
            Last accessed on 2024-05-03}
}

@misc{MultiWaitBar,
  author = { Ben Tordoff },
  year   = {2024},
  title  = {multiWaitbar},
  note   = {\url{https://www.mathworks.com/matlabcentral/fileexchange/26589-multiwaitbar}, 
            Last accessed on 2024-05-03}
}
 